2284 4109
332 361 504 413 nonem
532 360 760 411 Gruterus.
782 363 848 413 Μ,

166 452 292 525 &utusque
307 456 461 507 observatum
471 456 511 506 est.
523 460 574 505 Du·
644 474 665 516 3.
677 458 700 504 Si
708 455 804 523 vigilia
814 452 896 510 Nereis

167 527 243 592 plicia
253 541 333 576 autem
344 526 386 575 illa
397 542 450 592 quae
458 522 489 575 stt
498 541 574 575 trans·
608 532 633 581 δι
648 525 803 589 Epiphania,
820 526 859 575 vel
870 530 896 575 At

168 595 298 652 seruntur,
318 595 371 643 sunt
384 594 446 642 Festa
456 599 477 642 S.
488 593 574 643 iacobi
608 595 645 640 nis
662 595 738 641 Beatae
757 594 842 641 Mariae
861 596 886 644 in

167 665 285 724 majoris,
296 667 316 709 s.
331 664 468 721 laurentii,
486 669 510 710 S.
520 664 573 710 Bat-
608 676 662 709 earn
674 661 825 721 inciderint,
836 658 896 713 fietu

166 730 310 791 tholomai,
324 736 345 779 s.
357 731 468 780 Matthoei
475 765 484 789 ,
501 735 525 780 δι
537 734 574 779 SS.
609 732 668 795 ptiis
679 729 740 777 locis
752 744 861 779 notatur.

166 799 270 845 Simonis
283 801 306 846 δι
316 800 382 848 Jndae
392 819 398 848 ι
409 802 433 847 δι
443 813 499 847 tunc
510 834 517 858 ‚
529 800 575 862 pr‘o
643 812 667 855 4.
686 799 896 848 SiNatititasDon

167 864 236 913 festis
245 871 266 914 S.
275 869 442 926 Laurentii,s.
451 867 573 925 Marmei,
609 861 670 913 slum
680 870 700 913 S.
709 868 842 932 Stephani,
856 881 896 917 aut

168 935 194 981 δι
217 938 253 982 SS.
272 936 374 984 simonie
393 938 417 984 δι
439 935 526 994 iuda,
547 932 574 982 fit
609 935 647 981 nie
660 934 896 999 EvangelislaeinDo

165 1002 258 1067 vigilia
283 1020 333 1052 eum
357 1006 445 1065 ieiunio
469 1003 574 1051 Sabbato
607 998 760 1062 inciderint,
775 1000 889 1052 Officium

166 1066 330 1134 precedenti,
344 1067 387 1118 nifi
397 1071 525 1120 Sabbatum
542 1070 574 1119 il·
610 1085 660 1128 cae,
678 1067 765 1136 dequo
780 1088 821 1134 per
835 1071 896 1122 tridu

165 1135 210 1186 lud
226 1135 252 1195 [lt
265 1137 315 1186 dies
329 1136 454 1200 impedita.
470 1142 493 1187 Si
508 1141 575 1187 enirn
609 1138 671 1185 nihil
685 1136 730 1198 fit,
748 1140 881 1189 celebratur

165 1205 296 1254 Sabbatum
305 1201 367 1253 iliud
377 1202 402 1254 stt
412 1209 444 1253 irn
463 1203 571 1267 editum,
609 1204 716 1270 duplex,
733 1203 773 1255 die
793 1226 820 1266 30
834 1212 896 1259 Dece

164 1276 306 1338 jejunatur,
323 1274 347 1319 δι
366 1274 391 1321 'tn
409 1276 431 1319 O
459 1276 497 1322 cio
515 1276 574 1323 Festi
645 1293 671 1333 ς.
685 1278 708 1323 si
727 1275 817 1323 Festum
835 1281 896 1328 Si}

160 1339 320 1404 ¹impedientis
328 1337 356 1387 fit
364 1344 574 1390 commemoratio
609 1343 669 1389 tium
687 1344 713 1391 in
729 1346 885 1395 Dominicant

165 1408 261 1473 vigilite
280 1422 322 1472 pet
338 1409 498 1474 Evangeliunr
517 1426 574 1458 cum
607 1407 687 1459 fiecde
699 1413 845 1472 Doudoua,
859 1416 884 1462 δι

165 1477 278 1524 Romilia
289 1474 321 1525 ad
328 1479 480 1527 Matutinutn
490 1479 514 1526 δε
524 1481 573 1528 An·
608 1492 647 1525 rur
659 1478 750 1528 Festum
760 1486 796 1529 ss.
808 1484 896 1532 Innoce

164 1546 295 1608 tiphonem
317 1542 348 1593 ad
363 1543 495 1596 Benedilius
518 1562 577 1596 curn-
610 1544 675 1595 diem
688 1548 754 1596 subse
772 1564 878 1599 nentem.

168 1610 291 1662 Vetficulo
300 1616 325 1661 ὃ(
341 1615 459 1663 Oratione
469 1613 573 1680 Vigiliae.
636 1626 660 1663 6.
676 1617 746 1665 Nihil
753 1566 779 1665 llt
787 1616 817 1666 de
826 1617 896 1667 Doml

159 1685 200 1730 De
211 1683 301 1747 vigilia
320 1689 438 1732 aureius·
459 1684 574 1732 Matthaei
608 1682 896 1738 sodieCircumcisroniec

165 1750 228 1799 nihil
243 1748 288 1811 fit,
306 1748 324 1799 si
339 1766 451 1801 occurrat
469 1751 573 1801 sabbato
609 1763 650 1807 te·,
660 1755 843 1815 provominica
856 1767 896 1806 cut

164 1821 278 1877 Quatnot
294 1823 452 1884 Temporum.
608 1818 822 1870 Circumcifionern
829 1824 896 1887 &Epi

189 1907 213 1937 2.
222 1885 337 1936 Officium
344 1889 478 1935 Dominicae
489 1884 515 1935 fit
525 1887 573 1936 ritu
609 1889 708 1951 ponitur
724 1886 839 1938 Officium
851 1924 859 1950 ‚
875 1889 896 1938 di

164 1951 279 2019 duplici,
305 1952 348 2002 nisi
367 1956 495 2020 contingat
512 1952 574 2004 ill'ud
608 1953 741 2005 secundini
762 1958 854 2022 regulae
878 1959 896 2014 C

163 2020 308 2080 transferri,
324 2021 362 2070 vel
379 2025 530 2087 anticipari,
547 2038 575 2072 ut
609 2025 665 2082 tiae,
680 2023 779 2088 quando
793 2027 895 2093 conting

162 2086 259 2139 dicetur
269 2087 480 2140 infranominm
493 2107 575 2141 autem
609 2110 633 2140 2.
648 2093 686 2140 vel
699 2108 723 2153 4.
739 2096 865 2154 ianuarii,
877 2094 896 2156 al

165 2156 295 2222 nunqulrn'
308 2154 421 2207 dimidiat
438 2161 552 2224 Vespetae
565 2176 574 2216 ς
608 2163 655 2209 ritu
668 2159 865 2226 quinotatutdie
874 2173 896 2220 s

164 2227 191 2273 &
210 2223 284 2285 ideo,
305 2223 322 2273 ll
346 2228 372 2275 in
392 2226 496 2276 sabbato
511 2226 575 2276 Offi·
642 2231 896 2293 7³SiEpiplranitD01

162 2295 229 2344 cium
245 2291 288 2344 fiat
304 2293 334 2344 de
348 2297 435 2344 sanilo
450 2300 516 2360 cujus
532 2302 575 2345 Fe·
608 2297 671 2344 netit
684 2296 724 2345 die
735 2296 865 2347 Dorninicd
876 2330 889 2356 ‚.

163 2360 225 2411 sium
234 2362 266 2410 est
273 2362 376 2428 Duplex,
384 2366 493 2428 Vespere
504 2379 575 2413 erunt
607 2365 741 2414 Dominicae
753 2368 819 2414 intra
834 2367 896 2414 Odia·

162 2431 266 2497 integrae
274 2430 304 2480 de
319 2433 449 2481 Dominica
463 2433 573 2497 sequenti
608 2432 704 2495 phania
714 2431 741 2481 fit
754 2432 896 2498 semiduplet

164 2514 221 2548 cum
236 2503 476 2556 Commemoratione
491 2501 520 2547 de
533 2506 573 2549 Fe·
608 2500 667 2549 bato
677 2502 805 2566 sequenti,
822 2515 896 2552 utnot

163 2566 200 2615 llo
224 2564 269 2615 illo
296 2568 401 2631 Duplici.
423 2566 573 2617 Similiretsr
608 2567 754 2626 loco,&in
765 2571 816 2633 ipsa
826 2572 896 2618 niec

163 2632 230 2683 Faria
247 2634 352 2684 secundi
372 2633 426 2684 fieri
441 2633 527 2686 debeat
543 2632 573 2686 de
608 2636 643 2683 hil
663 2634 689 2683 fit
709 2637 738 2685 de
756 2640 894 2686 Dominica.

162 2702 279 2767 Duplici,
297 2705 404 2767 Vesperae
415 2707 441 2752 in
457 2704 511 2767 ipsa
525 2707 573 2751 Do·
643 2706 665 2750 8.
676 2708 710 2753 De
722 2707 856 2754 Dominicis
873 2709 896 2754 in

163 2773 255 2820 minica
263 2786 333 2821 erunt
343 2776 442 2838 integra·
452 2772 481 2821 de
490 2774 574 2821 Domi·
607 2788 648 2822 vat
666 2775 809 2823 Natiuitatis
829 2778 894 2824 Dom

163 2841 219 2888 nica
229 2855 285 2890 cuni
293 2842 533 2889 Commemoratione
543 2839 573 2888 de
607 2843 717 2903 phania,
729 2843 766 2889 As
765 2839 896 2897 cenfioniel

162 2908 275 2972 sequenti
286 2909 391 2973 Duplici.
408 2909 453 2957 Sed
462 2906 478 2955 st
488 2910 513 2956 in
523 2911 573 2955 Do·
608 2911 641 2955 rie
651 2909 757 2969 Christi,
774 2908 801 2959 fit
812 2907 896 2959 officii

162 2977 280 3024 ntinicani
296 2976 411 3028 inciderit
428 2976 518 3025 Festum
534 2977 573 3024 cui
608 2990 673 3026 tatur
690 2981 715 3026 in
731 2982 834 3043 propriis
845 2978 894 3028 loci

163 3043 295 3093 secundtlm
313 3045 408 3111 tegulae
423 3043 570 3109 supradistas
608 3048 704 3094 minicis
715 3062 796 3095 autern
808 3050 895 3095 intraa

165 3108 281 3161 Officium
288 3115 421 3162 Dominicae
434 3113 517 3166 cedere
529 3113 571 3162 de·
606 3130 667 3173 vas,
679 3129 758 3163 toturn
767 3112 896 3166 Officium

164 3179 239 3239 beat,
249 3178 289 3229 fiet
301 3182 514 3231 Commemoratio-
520 3184 571 3230 Do·
606 3184 697 3231 minica
706 3220 716 3240 ,
727 3186 788 3233 utin
798 3182 895 3232 Psalteri

166 3250 265 3297 minicae
290 3251 317 3296 in
338 3250 401 3298 utris
416 3266 445 3297 ue
462 3247 573 3313 vesperis
607 3265 662 3299 curn
683 3250 802 3311 symbolo·
821 3254 895 3314 Quies

166 3320 190 3366 δι
202 3313 321 3366 Laudibus
330 3351 337 3374 ,
345 3321 370 3366 it
380 3267 414 3366 ad
421 3322 572 3380 Matutinutn
606 3319 780 3379 Primanucum
795 3324 895 3373 Comme

166 3388 175 3448 s
196 3382 240 3435 nisi
259 3385 329 3435 aliter
347 3401 445 3435 notetur
461 3385 472 3453 j
487 3388 576 3436 ultima
607 3402 637 3435 ne
648 3390 763 3448 Odiana,
775 3384 896 3452 (aidane

166 3455 249 3505 iestio
262 3455 307 3507 etit
316 3452 347 3505 de
365 3454 477 3507 Romilia
489 3456 576 3507 Domi·
610 3454 712 3504 busdam
722 3470 819 3504 notetur
829 3453 865 3523 ),·
878 3472 895 3520 q

156 3522 233 3574 nicea
614 3520 896 3580 otutaurinontoi
