2284 4109
182 319 1007 377 Ἣ

218 510 448 601 INDEX
497 508 1014 656 CANTICORUM3

210 726 304 765 antici.
639 759 652 773 ,

190 710 213 768 c
265 781 356 839 Udivi
371 797 469 837 vocem
496 775 694 848 Angelorum,

279 853 442 913 Benedictus
457 855 613 921 Dominus,

190 929 308 988 Cibabit
323 931 402 987 ilium
416 930 492 983 Deus
507 946 579 996 pane
598 932 689 997 vitae,

192 1005 324 1061 Clamavi
337 1002 371 1059 de
383 1000 563 1058 tribulatione
576 1017 656 1069 mea,
722 1032 725 1038 ·

192 1074 359 1134 Confitebor
369 1080 398 1131 δι
408 1074 521 1133 laudem
535 1072 645 1143 dicam,

193 1148 359 1207 Confitebor
371 1148 440 1218 tibi,
461 1150 583 1205 Domine
603 1168 670 1217 rex,

192 1227 316 1281 Domine
328 1225 523 1291 omnipotens,
545 1224 621 1279 Deus
637 1220 749 1295 Israel,

193 1300 331 1353 Dominus
346 1313 422 1363 petra
439 1313 521 1361 mea,

192 1372 260 1425 Ecce
275 1372 341 1425 vicit
359 1367 406 1424 leo
419 1366 538 1427 detribu
556 1365 629 1429 Juda
636 1411 648 1438 ,

192 1439 323 1498 Gaudens
343 1433 497 1514 gaudebo,
619 1460 621 1462 ’

190 1516 340 1584 Hymnum
368 1536 511 1576 cantemus
530 1520 679 1587 Domino,

190 1591 227 1645 In
240 1610 361 1649 vacuum
377 1590 507 1651 laboravi
525 1591 581 1650 slne
596 1590 699 1670 causa,

192 1665 331 1724 Invocavi
352 1687 456 1725 nomen
474 1686 568 1737 tuum,

195 1742 212 1798 J
214 1738 338 1798 ustorum
352 1744 469 1810 animae,

194 1813 318 1872 Laudine
340 1818 494 1873 Dominum
514 1818 607 1875 Deum
625 1811 776 1891 nostrum,

196 1892 354 1960 Magna&
376 1889 538 1960 mirabilia,

196 1961 364 2034 Magnifieat
384 1968 479 2023 anima
500 1985 584 2033 mea,

196 2038 270 2095 Noli
291 2042 414 2109 timere,

196 2113 266 2168 Non
282 2113 320 2170 est
341 2112 443 2183 species
460 2116 502 2180 ei,

195 2187 280 2241 Nunc
294 2186 411 2245 dimittis
420 2186 528 2245 servum
542 2204 638 2257 tunm,
658 2189 807 2261 Domine,

196 2262 237 2313 Os
258 2257 338 2316 suum
360 2263 468 2327 aperuit
487 2264 653 2333 Sapientiae,

193 2331 309 2387 Pastum
332 2352 447 2398 meum,

194 2404 259 2461 Pars
280 2425 342 2463 mea
362 2409 521 2475 Dominus,

194 2479 392 2549 Peccavimus,
414 2482 500 2553 impie
520 2486 648 2558 egimus,

195 2552 289 2627 Qn‘am
308 2554 418 2628 pulchri
436 2556 517 2631 supet
539 2580 664 2631 montes,

196 2632 255 2700 Qui
273 2634 393 2703 timetis,

197 2707 270 2782 Quis
284 2705 322 2764 est
337 2705 387 2765 iste
404 2711 452 2780 qui
473 2711 570 2778 venit,
641 2731 651 2751 ·

196 2779 355 2860 Quomodo
384 2782 509 2853 obtexit,
734 2858 736 2862 Δ

196 2857 327 2916 Sacerdos
348 2878 464 2931 magnus
484 2861 512 2916 in
532 2854 643 2916 ascensu
663 2854 780 2933 altaris,

195 2930 351 2989 Timebunt
366 2936 416 3003 qui
434 2932 470 2989 ab
488 2932 655 3001 occidente,

193 3002 379 3069 ¹vocabuntur
396 3008 427 3067 in
441 3009 527 3078 Sion,

525 3173 684 3327 QQ

927 703 1023 785 Pagina

1000 874 1021 912 12
